#Created by Kbib version 0.6
#Last modified: Sat May 26 18:18:06 2007


@book{Ramakrishnan1997,
	author = {Raghu Ramakrishnan and Johannes Gehrke},
	title = {Database Management Systems},
	year = 1997,
	edition = {Second Edition},
	publisher = {McGrawHill}
}

@article{Teory1986,
	author = {Toby J. Teory and Dongqing Yang and James P. Fry},
	title = {A Logical Design Metodology for Relational Databases Using the Extended Entity-Relationship Model},
	journal = {Computing Surveys},
	year = 1986,
	volume = {18},
	number = 2,
	month = {jun},

}

@unpublished{Modelizacion,
	author = {C{\'a}tedra Bases de Datos},
	title = {Apunte de Modelizaci{\'o}n},
	note = {Modelización de bases de datos mediante las técnicas de diagramas Entidad-Relación y Modelo Relacional},
	month = {mar},
	year = 2007,

}

